@book{parton,
    author    = {Rak Jan and Michael J. Tannenbaum}, 
    title     = {High-pT Physics in the Heavy Ion Era},
    publisher = {Cambridge University Press},
    year      = 2013
}

@misc{specs,
    author       = {Marco Oriunno and Martin Breidenback}, 
    title        = {SID Engineering},
    howpublished = {online confluence},
    year         = 2015,
    note         = {https://confluence.slac.stanford.edu/display/SiD/SID+Engineering, accessed 2016/03/16}
}

@misc{anti-did,
    author       = {Thomas Markiewicz}, 
    title        = {Re-evaluating the Need for a anti-DID in SiD},
    howpublished = {Presentation: SiD Optimization Meeting},
    month        = 3,
    year         = 2015
}

@misc{ excel,
    author       = {Thomas Markiewicz},
    title        = {{Orbit and IR Design-new M1-pick\_MDI\&LCD-v28.xls}},
    howpublished = {Excel Spreadsheet File },
    month        = 7,
    year         = 2015
}

@mastersthesis{ bogert_thesis,
    author = { Alexander F. Bogert },
    title  = { Electron Detection Efficiency of the SiD02 Beam Calorimeter },
    school = { University of California Santa Cruz },
    year   = { 2013 },
    month  = { 6 },
}

@book1{ beam_specs,
    author = { Nan Phinney and Nobukazu Toge and Nicholas Walker },
    title  = { International Linear Collider Reference Design Report },
    year   = { 2007 },
    month  = { August },
}

